@PREAMBLE{
 "\providecommand{\noopsort}[1]{}" 
 # "\providecommand{\singleletter}[1]{#1}%" 
}

@article{strongCPI,
  title = {$\mathrm{CP}$ Conservation in the Presence of Pseudoparticles},
  author = {Peccei, R. D. and Quinn, Helen R.},
  journal = {Phys. Rev. Lett.},
  volume = {38},
  issue = {25},
  pages = {1440--1443},
  numpages = {0},
  year = {1977},
  month = {Jun},
  publisher = {American Physical Society},
  doi = {10.1103/PhysRevLett.38.1440},
  url = {https://link.aps.org/doi/10.1103/PhysRevLett.38.1440}
}




@article{EDM,
    author = "Abel, C. and others",
    collaboration = "nEDM",
    title = "{Measurement of the permanent electric dipole moment of the neutron}",
    eprint = "2001.11966",
    archivePrefix = "arXiv",
    primaryClass = "hep-ex",
    doi = "10.1103/PhysRevLett.124.081803",
    journal = "Phys. Rev. Lett.",
    volume = "124",
    number = "8",
    pages = "081803",
    year = "2020"
}


   year = 1988,
   note = "A full TECHREPORT entry",
}

@TECHREPORT{Nelson1999, 
   author       = "J. Nelson", 
   type         = "{TWI Report}", 
   number       = "666/1999",
   institution  = "", 
   year         = jan # "~1999", 
   
   note         = "Required institution missing", 
}

@TECHREPORT{Fields2005, 
   author       = "W. K. Fields", 
   type         = "{ECE Report No.}", 
   number       = "AL944",
   institution  = "", 
   year         = "2005", 
   
   note         = "Required institution missing", 
}

@MISC{Zalkins2008, 

   author       = "Y. M. Zalkins", 
   title        = "", 
   howpublished = "e-print arXiv:cond-mat/040426", 
   month        = "", 
   year         = "2008", 
   note         = "",
}

@MISC{Nelson2005, 

   author       = "J. Nelson", 
   howpublished = "{U.S. Patent No.} 5,693,000", 
   year         = "12~" # dec # "~2005", 
}

@MASTERSTHESIS{Nelson1999a,
   author       = "J. K. Nelson", 
   title        = "", 
   school       = "New York University", 
   year         = "1999", 
   
   type         = "M.{S}. thesis", 
   address      = "", 
   month        = "", 
   note         = "", 
}

@MASTERSTHESIS{mastersthesis-full,
   author = "{\'{E}}douard Masterly",
   title = "Mastering Thesis Writing",
   school = "Stanford University",
   type = "Master's project",
   address = "English Department",
   month = jun # "-" # aug,
   year = 1988,
   note = "A full MASTERSTHESIS entry",
}

@PHDTHESIS{Smith2003,
   author       = "S. M. Smith", 
   title        = "", 
   school       = "Massachusetts Institute of  Technology", 
   year         = "2003", 
   
   type         = "{Ph.D.} thesis", 
   address      = "", 
   month        = "", 
   note         = "", 
}

@ARTICLE{KawaLin2003,
   author       = "S. R. Kawa and S.-J. Lin", 
   title        = "", 
   journal      = "J. Geophys. Res.", 
   year         = "2003", 

   volume       = "108", 
   number       = "D6", 
   pages        = "4201", 
   month        = "", 
   note         = "{DOI:10.1029/2002JD002268}", 
}

@PHDTHESIS{phdthesis-full,
   author = "F. Phidias Phony-Baloney",
   title = "Fighting Fire with Fire: Festooning {F}rench Phrases",
   school = "Fanstord University",
   type = "{PhD} Dissertation",
   address = "Department of French",
   month = jun # "-" # aug,
   year = 1988,
   note = "A full PHDTHESIS entry",
}

@BOOK{book-full,
   author = "Donald E. Knuth",
   title = "Seminumerical Algorithms",
   volume = 2,
   series = "The Art of Computer Programming",
   publisher = "Addison-Wesley",
   address = "Reading, Massachusetts",
   edition = "Second",
   month = "10~" # jan,
   year = "\noopsort{1973c}1981",
   note = "A full BOOK entry",
}

@BOOKLET{booklet-full,
   author = "Jill C. Knvth",
   title = "The Programming of Computer Art",
   howpublished = "Vernier Art Center",
   address = "Stanford, California",
   month = feb,
   year = 1988,
   note = "A full BOOKLET entry",
}

@INBOOK{ballagh2000,
   author    = "R. Ballagh and C.M. Savage",
   editor    = "C.M. Savage and M. Das",
   title     = "Bose-Einstein condensation: from atomic physics to quantum fluids, Proceedings of the 13th Physics Summer School",
   year      = "2000",
   publisher = "World Scientific",
   address   = "Singapore",
   eprint    = "cond-mat/0008070",
}

@INCOLLECTION{ballagh2000a,
   author    = "R. Ballagh and C.M. Savage",
   title     = "Bose-Einstein condensation: from atomic physics to quantum fluids",
   editor    = "C.M. Savage and M. Das",
   booktitle = "Proceedings of the 13th Physics Summer School",
   year      = "2000",
   publisher = "World Scientific",
   address   = "Singapore",
   eprint    = "cond-mat/0008070",
}

@inBook{Magnetism,
   author    = "W. Opechowski and R. Guccione",
   title     = "Introduction to the Theory of Normal Metals",
   volume    = "IIa",
   pages     = "105",
   editor    = "G. T. Rado and H. Suhl",
   booktitle = "Magnetism",
   publisher = "Academic Press",
   address   = "New York",
   year      = "1965",
}

@INCOLLECTION{Magnetisma,
   author    = "W. Opechowski and R. Guccione",
   title     = "Introduction to the Theory of Normal Metals",
   editor    = "G. T. Rado and H. Suhl",
   booktitle = "Magnetism",
   volume    = "IIa",
   pages     = "105",
   publisher = "Academic Press",
   address   = "New York",
   year      = "1965",
}

@INPROCEEDINGS{Magnetismb,
   author    = "W. Opechowski and R. Guccione",
   title     = "Introduction to the Theory of Normal Metals",
   editor    = "G. T. Rado and H. Suhl",
   booktitle = "Magnetism",
   volume    = "IIa",
   pages     = "105",
   publisher = "Academic Press",
   address   = "New York",
   year      = "1965",
}

@INBOOK{Smith80,
   author    = "J. M. Smith",
   title     = "Molecular Dynamics",
   publisher = "Academic",
   year      = "1980",
   address   = "New York",
   editor    = "C. Brown",
}

@article{ZS71,
   author    = "V. E. Zakharov and A. B. Shabat",
   title     = "Exact theory of two-dimensional self-focusing and one-dimensional self-modulation of waves in nonlinear media",
   journal   = "Zh. Eksp. Teor. Fiz.",
   volume    = "61",
   year      = "1971",
   pages     = "118--134",
   translation = "Sov. Phys. JETP \textbf{34}, 62 (1972)"
}

@INCOLLECTION{Smith80a,
   author    = "J. M. Smith",
   booktitle = "Molecular Dynamics",
   editor    = "C. Brown",
   publisher = "Academic",
   year      = "1980",
   address   = "New York",
}

@INCOLLECTION{incollection-full,
   author = "Daniel D. Lincoll",
   title = "Semigroups of Recurrences",
   editor = "David J. Lipcoll and D. H. Lawrie and A. H. Sameh",
   booktitle = "High Speed Computer and Algorithm Organization",
   number = 23,
   series = "Fast Computers",
   chapter = 3,
   type = "Part",
   pages = "179--183",
   publisher = "Academic Press",
   address = "New York",
   edition = "Third",
   month = sep,
   year = 1977,
   note = "A full INCOLLECTION entry",
}

@INPROCEEDINGS{inproceedings-full,
   author = "Alfred V. Oaho and Jeffrey D. Ullman and Mihalis Yannakakis",
   title = "On Notions of Information Transfer in {VLSI} Circuits",
   editor = "Wizard V. Oz and Mihalis Yannakakis",
   booktitle = "Proc. Fifteenth Annual ACM",
   bookaddress = "Boston, 1982", 
   number = 17,
   series = "All ACM Conferences",
   pages = "133--139",
   month = mar,
   year = 1983,
   address = "New York",
   organization = "ACM",
   publisher = "Academic Press",
   note = "A full INPROCEDINGS entry",
}

@MANUAL{manual-full,
   author = "Larry Manmaker",
   title = "The Definitive Computer Manual",
   organization = "Chips-R-Us",
   address = "Silicon Valley",
   edition = "Silver",
   month = apr # "-" # may,
   year = 1986,
   note = "A full MANUAL entry",
}
